74100000         20051764500010505000019004615      05000019004615      BANCO RIBEIRAO PRETO S/A      BANCO RIBEIRAO PRETO S/A                11407201516151500000004001600                                                   CSP000            
74100011R01  030 200051764500010505000019004615      05000019004615      BANCO RIBEIRAO PRETO S/A                                                                                      000000001407201514072015                                 
7410001300001P 0105000019004615      311000112000000000001121125555-4        1407201500000000001999000000002A14072015300000000000000000000000000000000000000000000000000000000000000000000000000000                         30020000900000000000
7410001300002Q 011000012345678901PABLO DIEGO JOSE FRANCISCO DE PAULA JUANRUA RIO GRANDE DO SUL SAO PAULO MINAS CASAO JOSE DOS QU12345678SANTA RITA DE CSP0000000000000000                                        237                            
7410001300003S 013BOLETO EMITIDO REF. NEGOCIACAOO TERMO DE CESSAO 25555 - PARCERIA ENTRE DAFITI E LIBER CAPITAL.                                                                                                                                
74100015         00000000000000000000000000000000000000000000000000000000000000000000000000000000000000000000000000                                                                                                                             
74199999         000001000000000000                                                                                                                                                                                                             
