34100000      081291036701000136                    12340 123456       0ABBYE ELLINGTUN               BANCO ITAU SA                           114072015161515000000000000000000                                                                     
34100011C9841040 2910367010001360000                12340 123456       0ABBYE ELLINGTUN               10                                      AV. BRASIL                    2340                SAO PAULO           13070178SP                  
3410001100001A00000034112340 000000123456  FIRST RATE LTDA               IR252566            0000000009000000000000000000000002000000                    00000000000000000000000                    00000023666287000199  00010     00          
34100015         000003000000000002000000000000000000000000                                                                                                                                                                                     
34199999         000001000006                                                                                                                                                                                                                   
